@book{durrett2019probability,
  title={Probability: Theory and Examples},
  author={Rick Durrett},
  year={2019},
  publisher={Cambridge University Press},
 address={Cambridge}
}